%% Saved with string encoding Unicode (UTF-8) 

@book{Lamsweerde2009Requirements,
  title     = "Requirements Engineering: From System Goals to UML Models to Software Specifications",
  author    = "van Lamsweerde, Axel",
  year      = 2009,
  publisher = "Wiley"
}